%YAML 1.1
%TAG !u! tag:unity3d.com,2011:
--- !u!114 &6898961621740865756
MonoBehaviour:
  m_ObjectHideFlags: 0
  m_CorrespondingSourceObject: {fileID: 0}
  m_PrefabInstance: {fileID: 0}
  m_PrefabAsset: {fileID: 0}
  m_GameObject: {fileID: 365149230390942048}
  m_Enabled: 1
  m_EditorHideFlags: 0
  m_Script: {fileID: 11500000, guid: ed8b1ae4e4e52b34ea557c1c11e076fc, type: 3}
  m_Name: 
  m_EditorClassIdentifier: 
  m_CategoryHash: -0.00000017218913
  m_labelHash: -1.2985474e-36
--- !u!1 &500322013678400049
GameObject:
  m_ObjectHideFlags: 0
  m_CorrespondingSourceObject: {fileID: 0}
  m_PrefabInstance: {fileID: 0}
  m_PrefabAsset: {fileID: 0}
  serializedVersion: 6
  m_Component:
  - component: {fileID: 5924094806259557535}
  m_Layer: 0
  m_Name: New CCDSolver2D_Target
  m_TagString: Untagged
  m_Icon: {fileID: 0}
  m_NavMeshLayer: 0
  m_StaticEditorFlags: 0
  m_IsActive: 1
--- !u!4 &5924094806259557535
Transform:
  m_ObjectHideFlags: 0
  m_CorrespondingSourceObject: {fileID: 0}
  m_PrefabInstance: {fileID: 0}
  m_PrefabAsset: {fileID: 0}
  m_GameObject: {fileID: 500322013678400049}
  m_LocalRotation: {x: 0, y: 0, z: -0.9295937, w: 0.3685858}
  m_LocalPosition: {x: -1.425305, y: 2.043287, z: 0}
  m_LocalScale: {x: 1, y: 1, z: 1}
  m_Children: []
  m_Father: {fileID: 4860707442674719499}
  m_RootOrder: 0
  m_LocalEulerAnglesHint: {x: 0, y: 0, z: 0}
--- !u!114 &6097824593815409048
MonoBehaviour:
  m_ObjectHideFlags: 0
  m_CorrespondingSourceObject: {fileID: 0}
  m_PrefabInstance: {fileID: 0}
  m_PrefabAsset: {fileID: 0}
  m_GameObject: {fileID: 995494104249662436}
  m_Enabled: 1
  m_EditorHideFlags: 0
  m_Script: {fileID: 11500000, guid: ed8b1ae4e4e52b34ea557c1c11e076fc, type: 3}
  m_Name: 
  m_EditorClassIdentifier: 
  m_CategoryHash: 4.3512973e+26
  m_labelHash: 8.840178e-23
--- !u!114 &1833319595923751848
MonoBehaviour:
  m_ObjectHideFlags: 0
  m_CorrespondingSourceObject: {fileID: 0}
  m_PrefabInstance: {fileID: 0}
  m_PrefabAsset: {fileID: 0}
  m_GameObject: {fileID: 1555531621709333621}
  m_Enabled: 1
  m_EditorHideFlags: 0
  m_Script: {fileID: 11500000, guid: ed8b1ae4e4e52b34ea557c1c11e076fc, type: 3}
  m_Name: 
  m_EditorClassIdentifier: 
  m_CategoryHash: 1.6059022e+36
  m_labelHash: 8.1455314e+27
--- !u!114 &2771721863100017507
MonoBehaviour:
  m_ObjectHideFlags: 0
  m_CorrespondingSourceObject: {fileID: 0}
  m_PrefabInstance: {fileID: 0}
  m_PrefabAsset: {fileID: 0}
  m_GameObject: {fileID: 1993477154218611396}
  m_Enabled: 1
  m_EditorHideFlags: 0
  m_Script: {fileID: 11500000, guid: ed8b1ae4e4e52b34ea557c1c11e076fc, type: 3}
  m_Name: 
  m_EditorClassIdentifier: 
  m_CategoryHash: 2.6698418e-35
  m_labelHash: 8.1455314e+27
--- !u!1 &3394094087386965297
GameObject:
  m_ObjectHideFlags: 0
  m_CorrespondingSourceObject: {fileID: 0}
  m_PrefabInstance: {fileID: 0}
  m_PrefabAsset: {fileID: 0}
  serializedVersion: 6
  m_Component:
  - component: {fileID: 244901495174146169}
  m_Layer: 0
  m_Name: LeftArm
  m_TagString: Untagged
  m_Icon: {fileID: 0}
  m_NavMeshLayer: 0
  m_StaticEditorFlags: 0
  m_IsActive: 1
--- !u!4 &244901495174146169
Transform:
  m_ObjectHideFlags: 0
  m_CorrespondingSourceObject: {fileID: 0}
  m_PrefabInstance: {fileID: 0}
  m_PrefabAsset: {fileID: 0}
  m_GameObject: {fileID: 3394094087386965297}
  m_LocalRotation: {x: -0, y: -0, z: -0.50014764, w: 0.8659402}
  m_LocalPosition: {x: 0.26, y: -0, z: 0}
  m_LocalScale: {x: 1, y: 1, z: 1}
  m_Children: []
  m_Father: {fileID: 6200557136968677152}
  m_RootOrder: 0
  m_LocalEulerAnglesHint: {x: 0, y: 0, z: -1140.02}
--- !u!1 &3726404820796787152
GameObject:
  m_ObjectHideFlags: 0
  m_CorrespondingSourceObject: {fileID: 0}
  m_PrefabInstance: {fileID: 0}
  m_PrefabAsset: {fileID: 0}
  serializedVersion: 6
  m_Component:
  - component: {fileID: 8533151232475316609}
  m_Layer: 0
  m_Name: RightLeg
  m_TagString: Untagged
  m_Icon: {fileID: 0}
  m_NavMeshLayer: 0
  m_StaticEditorFlags: 0
  m_IsActive: 1
--- !u!4 &8533151232475316609
Transform:
  m_ObjectHideFlags: 0
  m_CorrespondingSourceObject: {fileID: 0}
  m_PrefabInstance: {fileID: 0}
  m_PrefabAsset: {fileID: 0}
  m_GameObject: {fileID: 3726404820796787152}
  m_LocalRotation: {x: -0, y: -0, z: -0.0000015795231, w: 1}
  m_LocalPosition: {x: 0.45, y: 0, z: 0}
  m_LocalScale: {x: 1, y: 1, z: 1}
  m_Children: []
  m_Father: {fileID: 1491759324882246790}
  m_RootOrder: 0
  m_LocalEulerAnglesHint: {x: 0, y: 0, z: 0}
--- !u!1 &4198373851770069291
GameObject:
  m_ObjectHideFlags: 0
  m_CorrespondingSourceObject: {fileID: 0}
  m_PrefabInstance: {fileID: 0}
  m_PrefabAsset: {fileID: 0}
  serializedVersion: 6
  m_Component:
  - component: {fileID: 118749340637243284}
  m_Layer: 0
  m_Name: New CCDSolver2D (3)_Target
  m_TagString: Untagged
  m_Icon: {fileID: 0}
  m_NavMeshLayer: 0
  m_StaticEditorFlags: 0
  m_IsActive: 1
--- !u!4 &118749340637243284
Transform:
  m_ObjectHideFlags: 0
  m_CorrespondingSourceObject: {fileID: 0}
  m_PrefabInstance: {fileID: 0}
  m_PrefabAsset: {fileID: 0}
  m_GameObject: {fileID: 4198373851770069291}
  m_LocalRotation: {x: 0, y: 0, z: -0.6871181, w: 0.7265458}
  m_LocalPosition: {x: 0.4177151, y: 0.3689327, z: 0}
  m_LocalScale: {x: 1, y: 1, z: 1}
  m_Children: []
  m_Father: {fileID: 2736823966672614361}
  m_RootOrder: 0
  m_LocalEulerAnglesHint: {x: 0, y: 0, z: 0}
--- !u!1 &4412010883348452669
GameObject:
  m_ObjectHideFlags: 0
  m_CorrespondingSourceObject: {fileID: 0}
  m_PrefabInstance: {fileID: 0}
  m_PrefabAsset: {fileID: 0}
  serializedVersion: 6
  m_Component:
  - component: {fileID: 3924751666369506432}
  - component: {fileID: 4658080476983782167}
  m_Layer: 0
  m_Name: New CCDSolver2D (2)
  m_TagString: Untagged
  m_Icon: {fileID: 0}
  m_NavMeshLayer: 0
  m_StaticEditorFlags: 0
  m_IsActive: 1
--- !u!4 &3924751666369506432
Transform:
  m_ObjectHideFlags: 0
  m_CorrespondingSourceObject: {fileID: 0}
  m_PrefabInstance: {fileID: 0}
  m_PrefabAsset: {fileID: 0}
  m_GameObject: {fileID: 4412010883348452669}
  m_LocalRotation: {x: -0, y: -0, z: -0, w: 1}
  m_LocalPosition: {x: 0, y: 0, z: 0}
  m_LocalScale: {x: 1, y: 1, z: 1}
  m_Children:
  - {fileID: 7640154770495162492}
  m_Father: {fileID: 8713689332443468818}
  m_RootOrder: 11
  m_LocalEulerAnglesHint: {x: 0, y: 0, z: 0}
--- !u!114 &4658080476983782167
MonoBehaviour:
  m_ObjectHideFlags: 0
  m_CorrespondingSourceObject: {fileID: 0}
  m_PrefabInstance: {fileID: 0}
  m_PrefabAsset: {fileID: 0}
  m_GameObject: {fileID: 4412010883348452669}
  m_Enabled: 1
  m_EditorHideFlags: 0
  m_Script: {fileID: 11500000, guid: ef93bb9fe9d240e418a7fb8b476f3d34, type: 3}
  m_Name: 
  m_EditorClassIdentifier: 
  m_ConstrainRotation: 1
  m_SolveFromDefaultPose: 1
  m_Weight: 1
  m_Chain:
    m_EffectorTransform: {fileID: 2706443852303111570}
    m_TargetTransform: {fileID: 7640154770495162492}
    m_TransformCount: 4
    m_Transforms:
    - {fileID: 9136591410682372074}
    - {fileID: 3418128254699247279}
    - {fileID: 2171642351267002803}
    - {fileID: 2706443852303111570}
    m_DefaultLocalRotations:
    - {x: 0, y: 0, z: -0.709017, w: 0.7051915}
    - {x: 0, y: 0, z: -0.004380947, w: 0.9999904}
    - {x: 0, y: 0, z: 0.015818734, w: 0.99987495}
    - {x: 0, y: 0, z: 0, w: 1}
    m_StoredLocalRotations:
    - {x: 0, y: 0, z: 0, w: 0}
    - {x: 0, y: 0, z: 0, w: 0}
    - {x: 0, y: 0, z: 0, w: 0}
    - {x: 0, y: 0, z: 0, w: 0}
  m_Iterations: 10
  m_Tolerance: 0.01
  m_Velocity: 0.5
--- !u!1 &4715958239092042555
GameObject:
  m_ObjectHideFlags: 0
  m_CorrespondingSourceObject: {fileID: 0}
  m_PrefabInstance: {fileID: 0}
  m_PrefabAsset: {fileID: 0}
  serializedVersion: 6
  m_Component:
  - component: {fileID: 2706443852303111570}
  m_Layer: 0
  m_Name: LeftLeg
  m_TagString: Untagged
  m_Icon: {fileID: 0}
  m_NavMeshLayer: 0
  m_StaticEditorFlags: 0
  m_IsActive: 1
--- !u!4 &2706443852303111570
Transform:
  m_ObjectHideFlags: 0
  m_CorrespondingSourceObject: {fileID: 0}
  m_PrefabInstance: {fileID: 0}
  m_PrefabAsset: {fileID: 0}
  m_GameObject: {fileID: 4715958239092042555}
  m_LocalRotation: {x: -0, y: -0, z: 0.030494781, w: 0.99953496}
  m_LocalPosition: {x: 0.46, y: 0, z: 0}
  m_LocalScale: {x: 1, y: 1, z: 1}
  m_Children: []
  m_Father: {fileID: 2171642351267002803}
  m_RootOrder: 0
  m_LocalEulerAnglesHint: {x: 0, y: 0, z: -356.505}
--- !u!1 &5076405069358599832
GameObject:
  m_ObjectHideFlags: 0
  m_CorrespondingSourceObject: {fileID: 0}
  m_PrefabInstance: {fileID: 0}
  m_PrefabAsset: {fileID: 0}
  serializedVersion: 6
  m_Component:
  - component: {fileID: 4860707442674719499}
  - component: {fileID: 2560331729176560259}
  m_Layer: 0
  m_Name: New CCDSolver2D
  m_TagString: Untagged
  m_Icon: {fileID: 0}
  m_NavMeshLayer: 0
  m_StaticEditorFlags: 0
  m_IsActive: 1
--- !u!4 &4860707442674719499
Transform:
  m_ObjectHideFlags: 0
  m_CorrespondingSourceObject: {fileID: 0}
  m_PrefabInstance: {fileID: 0}
  m_PrefabAsset: {fileID: 0}
  m_GameObject: {fileID: 5076405069358599832}
  m_LocalRotation: {x: -0, y: -0, z: -0, w: 1}
  m_LocalPosition: {x: 0, y: 0, z: 0}
  m_LocalScale: {x: 1, y: 1, z: 1}
  m_Children:
  - {fileID: 5924094806259557535}
  m_Father: {fileID: 8713689332443468818}
  m_RootOrder: 9
  m_LocalEulerAnglesHint: {x: 0, y: 0, z: 0}
--- !u!114 &2560331729176560259
MonoBehaviour:
  m_ObjectHideFlags: 0
  m_CorrespondingSourceObject: {fileID: 0}
  m_PrefabInstance: {fileID: 0}
  m_PrefabAsset: {fileID: 0}
  m_GameObject: {fileID: 5076405069358599832}
  m_Enabled: 1
  m_EditorHideFlags: 0
  m_Script: {fileID: 11500000, guid: ef93bb9fe9d240e418a7fb8b476f3d34, type: 3}
  m_Name: 
  m_EditorClassIdentifier: 
  m_ConstrainRotation: 1
  m_SolveFromDefaultPose: 1
  m_Weight: 1
  m_Chain:
    m_EffectorTransform: {fileID: 244901495174146169}
    m_TargetTransform: {fileID: 5924094806259557535}
    m_TransformCount: 5
    m_Transforms:
    - {fileID: 8124605592749737002}
    - {fileID: 1844639999726187601}
    - {fileID: 657965727804921239}
    - {fileID: 6200557136968677152}
    - {fileID: 244901495174146169}
    m_DefaultLocalRotations:
    - {x: 0, y: 0, z: 0.993757, w: 0.11156652}
    - {x: 0, y: 0, z: -0.08439325, w: 0.99643254}
    - {x: 0, y: 0, z: -0.14745083, w: 0.9890694}
    - {x: 0, y: 0, z: 0.056452896, w: -0.99840534}
    - {x: 0, y: 0, z: 0, w: 1}
    m_StoredLocalRotations:
    - {x: 0, y: 0, z: 0, w: 0}
    - {x: 0, y: 0, z: 0, w: 0}
    - {x: 0, y: 0, z: 0, w: 0}
    - {x: 0, y: 0, z: 0, w: 0}
    - {x: 0, y: 0, z: 0, w: 0}
  m_Iterations: 10
  m_Tolerance: 0.01
  m_Velocity: 0.5
--- !u!1 &5136628516341058307
GameObject:
  m_ObjectHideFlags: 0
  m_CorrespondingSourceObject: {fileID: 0}
  m_PrefabInstance: {fileID: 0}
  m_PrefabAsset: {fileID: 0}
  serializedVersion: 6
  m_Component:
  - component: {fileID: 7640154770495162492}
  m_Layer: 0
  m_Name: New CCDSolver2D (2)_Target
  m_TagString: Untagged
  m_Icon: {fileID: 0}
  m_NavMeshLayer: 0
  m_StaticEditorFlags: 0
  m_IsActive: 1
--- !u!4 &7640154770495162492
Transform:
  m_ObjectHideFlags: 0
  m_CorrespondingSourceObject: {fileID: 0}
  m_PrefabInstance: {fileID: 0}
  m_PrefabAsset: {fileID: 0}
  m_GameObject: {fileID: 5136628516341058307}
  m_LocalRotation: {x: 0, y: 0, z: -0.7009045, w: 0.7132552}
  m_LocalPosition: {x: -0.2927651, y: 0.3472197, z: 0}
  m_LocalScale: {x: 1, y: 1, z: 1}
  m_Children: []
  m_Father: {fileID: 3924751666369506432}
  m_RootOrder: 0
  m_LocalEulerAnglesHint: {x: 0, y: 0, z: 0}
--- !u!114 &7023595512760329504
MonoBehaviour:
  m_ObjectHideFlags: 0
  m_CorrespondingSourceObject: {fileID: 0}
  m_PrefabInstance: {fileID: 0}
  m_PrefabAsset: {fileID: 0}
  m_GameObject: {fileID: 5751655463197702136}
  m_Enabled: 1
  m_EditorHideFlags: 0
  m_Script: {fileID: 11500000, guid: ed8b1ae4e4e52b34ea557c1c11e076fc, type: 3}
  m_Name: 
  m_EditorClassIdentifier: 
  m_CategoryHash: -3.1684105e+26
  m_labelHash: 8.1455314e+27
--- !u!1 &6665215010968400973
GameObject:
  m_ObjectHideFlags: 0
  m_CorrespondingSourceObject: {fileID: 0}
  m_PrefabInstance: {fileID: 0}
  m_PrefabAsset: {fileID: 0}
  serializedVersion: 6
  m_Component:
  - component: {fileID: 4255540969121143032}
  m_Layer: 0
  m_Name: RightArm
  m_TagString: Untagged
  m_Icon: {fileID: 0}
  m_NavMeshLayer: 0
  m_StaticEditorFlags: 0
  m_IsActive: 1
--- !u!4 &4255540969121143032
Transform:
  m_ObjectHideFlags: 0
  m_CorrespondingSourceObject: {fileID: 0}
  m_PrefabInstance: {fileID: 0}
  m_PrefabAsset: {fileID: 0}
  m_GameObject: {fileID: 6665215010968400973}
  m_LocalRotation: {x: -0, y: -0, z: 0.085229166, w: 0.9963614}
  m_LocalPosition: {x: 0.23, y: -0, z: 0}
  m_LocalScale: {x: 1, y: 1, z: 1}
  m_Children: []
  m_Father: {fileID: 6148721505101394368}
  m_RootOrder: 0
  m_LocalEulerAnglesHint: {x: 0, y: 0, z: 9.778}
--- !u!114 &1874701630934759302
MonoBehaviour:
  m_ObjectHideFlags: 0
  m_CorrespondingSourceObject: {fileID: 0}
  m_PrefabInstance: {fileID: 0}
  m_PrefabAsset: {fileID: 0}
  m_GameObject: {fileID: 6982172899535241898}
  m_Enabled: 1
  m_EditorHideFlags: 0
  m_Script: {fileID: 11500000, guid: 097b551f2844b054290f18a39bf892e9, type: 3}
  m_Name: 
  m_EditorClassIdentifier: 
  m_Solvers:
  - {fileID: 2560331729176560259}
  - {fileID: 5674828015932066425}
  - {fileID: 4658080476983782167}
  - {fileID: 5244077250287319152}
  m_Weight: 1
  m_SolverEditorData:
  - color: {r: 0, g: 1, b: 0, a: 1}
    showGizmo: 1
  - color: {r: 0, g: 1, b: 0, a: 1}
    showGizmo: 1
  - color: {r: 0, g: 1, b: 0, a: 1}
    showGizmo: 1
  - color: {r: 0, g: 1, b: 0, a: 1}
    showGizmo: 1
--- !u!1 &7373376021064056167
GameObject:
  m_ObjectHideFlags: 0
  m_CorrespondingSourceObject: {fileID: 0}
  m_PrefabInstance: {fileID: 0}
  m_PrefabAsset: {fileID: 0}
  serializedVersion: 6
  m_Component:
  - component: {fileID: 8964258730918851090}
  - component: {fileID: 5674828015932066425}
  m_Layer: 0
  m_Name: New CCDSolver2D (1)
  m_TagString: Untagged
  m_Icon: {fileID: 0}
  m_NavMeshLayer: 0
  m_StaticEditorFlags: 0
  m_IsActive: 1
--- !u!4 &8964258730918851090
Transform:
  m_ObjectHideFlags: 0
  m_CorrespondingSourceObject: {fileID: 0}
  m_PrefabInstance: {fileID: 0}
  m_PrefabAsset: {fileID: 0}
  m_GameObject: {fileID: 7373376021064056167}
  m_LocalRotation: {x: -0, y: -0, z: -0, w: 1}
  m_LocalPosition: {x: 0, y: 0, z: 0}
  m_LocalScale: {x: 1, y: 1, z: 1}
  m_Children:
  - {fileID: 7881102068308855298}
  m_Father: {fileID: 8713689332443468818}
  m_RootOrder: 10
  m_LocalEulerAnglesHint: {x: 0, y: 0, z: 0}
--- !u!114 &5674828015932066425
MonoBehaviour:
  m_ObjectHideFlags: 0
  m_CorrespondingSourceObject: {fileID: 0}
  m_PrefabInstance: {fileID: 0}
  m_PrefabAsset: {fileID: 0}
  m_GameObject: {fileID: 7373376021064056167}
  m_Enabled: 1
  m_EditorHideFlags: 0
  m_Script: {fileID: 11500000, guid: ef93bb9fe9d240e418a7fb8b476f3d34, type: 3}
  m_Name: 
  m_EditorClassIdentifier: 
  m_ConstrainRotation: 1
  m_SolveFromDefaultPose: 1
  m_Weight: 1
  m_Chain:
    m_EffectorTransform: {fileID: 4255540969121143032}
    m_TargetTransform: {fileID: 7881102068308855298}
    m_TransformCount: 5
    m_Transforms:
    - {fileID: 3534842718460871476}
    - {fileID: 3586401611201187764}
    - {fileID: 6824935158368879126}
    - {fileID: 6148721505101394368}
    - {fileID: 4255540969121143032}
    m_DefaultLocalRotations:
    - {x: 0, y: 0, z: -0.93882877, w: 0.34438428}
    - {x: 0, y: 0, z: -0.09314933, w: 0.99565214}
    - {x: 0, y: 0, z: -0.103056565, w: 0.9946755}
    - {x: 0, y: 0, z: -0.08265011, w: 0.99657863}
    - {x: 0, y: 0, z: 0, w: 1}
    m_StoredLocalRotations:
    - {x: 0, y: 0, z: 0, w: 0}
    - {x: 0, y: 0, z: 0, w: 0}
    - {x: 0, y: 0, z: 0, w: 0}
    - {x: 0, y: 0, z: 0, w: 0}
    - {x: 0, y: 0, z: 0, w: 0}
  m_Iterations: 10
  m_Tolerance: 0.01
  m_Velocity: 0.5
--- !u!1 &7937381148573310126
GameObject:
  m_ObjectHideFlags: 0
  m_CorrespondingSourceObject: {fileID: 0}
  m_PrefabInstance: {fileID: 0}
  m_PrefabAsset: {fileID: 0}
  serializedVersion: 6
  m_Component:
  - component: {fileID: 1108074169946677330}
  - component: {fileID: 8907907122855761289}
  - component: {fileID: 873868509405701249}
  m_Layer: 0
  m_Name: Player
  m_TagString: Untagged
  m_Icon: {fileID: 0}
  m_NavMeshLayer: 0
  m_StaticEditorFlags: 0
  m_IsActive: 1
--- !u!4 &1108074169946677330
Transform:
  m_ObjectHideFlags: 0
  m_CorrespondingSourceObject: {fileID: 0}
  m_PrefabInstance: {fileID: 0}
  m_PrefabAsset: {fileID: 0}
  m_GameObject: {fileID: 7937381148573310126}
  m_LocalRotation: {x: 0, y: 0, z: 0, w: 1}
  m_LocalPosition: {x: 3.0285316, y: 0.3934775, z: -1.8999778}
  m_LocalScale: {x: 1, y: 1, z: 1}
  m_Children:
  - {fileID: 8713689332443468818}
  m_Father: {fileID: 0}
  m_RootOrder: 0
  m_LocalEulerAnglesHint: {x: 0, y: 0, z: 0}
--- !u!95 &8907907122855761289
Animator:
  serializedVersion: 3
  m_ObjectHideFlags: 0
  m_CorrespondingSourceObject: {fileID: 0}
  m_PrefabInstance: {fileID: 0}
  m_PrefabAsset: {fileID: 0}
  m_GameObject: {fileID: 7937381148573310126}
  m_Enabled: 1
  m_Avatar: {fileID: 0}
  m_Controller: {fileID: 9100000, guid: 8ba132728f879a24ba857462e9fda847, type: 2}
  m_CullingMode: 0
  m_UpdateMode: 0
  m_ApplyRootMotion: 0
  m_LinearVelocityBlending: 0
  m_WarningMessage: 
  m_HasTransformHierarchy: 1
  m_AllowConstantClipSamplingOptimization: 1
  m_KeepAnimatorControllerStateOnDisable: 0
--- !u!114 &873868509405701249
MonoBehaviour:
  m_ObjectHideFlags: 0
  m_CorrespondingSourceObject: {fileID: 0}
  m_PrefabInstance: {fileID: 0}
  m_PrefabAsset: {fileID: 0}
  m_GameObject: {fileID: 7937381148573310126}
  m_Enabled: 1
  m_EditorHideFlags: 0
  m_Script: {fileID: 11500000, guid: c29cff538c195c249b69c6f2236de67b, type: 3}
  m_Name: 
  m_EditorClassIdentifier: 
  m_SpriteLibraryAsset: {fileID: 11400000, guid: 664e2da812f5d5345a50c27538898dc0, type: 2}
--- !u!1 &8023404846439580317
GameObject:
  m_ObjectHideFlags: 0
  m_CorrespondingSourceObject: {fileID: 0}
  m_PrefabInstance: {fileID: 0}
  m_PrefabAsset: {fileID: 0}
  serializedVersion: 6
  m_Component:
  - component: {fileID: 7881102068308855298}
  m_Layer: 0
  m_Name: New CCDSolver2D (1)_Target
  m_TagString: Untagged
  m_Icon: {fileID: 0}
  m_NavMeshLayer: 0
  m_StaticEditorFlags: 0
  m_IsActive: 1
--- !u!4 &7881102068308855298
Transform:
  m_ObjectHideFlags: 0
  m_CorrespondingSourceObject: {fileID: 0}
  m_PrefabInstance: {fileID: 0}
  m_PrefabAsset: {fileID: 0}
  m_GameObject: {fileID: 8023404846439580317}
  m_LocalRotation: {x: 0, y: 0, z: -0.9295933, w: 0.368587}
  m_LocalPosition: {x: 0.1141, y: 2.589, z: 0}
  m_LocalScale: {x: 1, y: 1, z: 1}
  m_Children: []
  m_Father: {fileID: 8964258730918851090}
  m_RootOrder: 0
  m_LocalEulerAnglesHint: {x: 0, y: 0, z: -136.743}
--- !u!1 &8827371681142118529
GameObject:
  m_ObjectHideFlags: 0
  m_CorrespondingSourceObject: {fileID: 0}
  m_PrefabInstance: {fileID: 0}
  m_PrefabAsset: {fileID: 0}
  serializedVersion: 6
  m_Component:
  - component: {fileID: 2736823966672614361}
  - component: {fileID: 5244077250287319152}
  m_Layer: 0
  m_Name: New CCDSolver2D (3)
  m_TagString: Untagged
  m_Icon: {fileID: 0}
  m_NavMeshLayer: 0
  m_StaticEditorFlags: 0
  m_IsActive: 1
--- !u!4 &2736823966672614361
Transform:
  m_ObjectHideFlags: 0
  m_CorrespondingSourceObject: {fileID: 0}
  m_PrefabInstance: {fileID: 0}
  m_PrefabAsset: {fileID: 0}
  m_GameObject: {fileID: 8827371681142118529}
  m_LocalRotation: {x: -0, y: -0, z: -0, w: 1}
  m_LocalPosition: {x: 0, y: 0, z: 0}
  m_LocalScale: {x: 1, y: 1, z: 1}
  m_Children:
  - {fileID: 118749340637243284}
  m_Father: {fileID: 8713689332443468818}
  m_RootOrder: 12
  m_LocalEulerAnglesHint: {x: 0, y: 0, z: 0}
--- !u!114 &5244077250287319152
MonoBehaviour:
  m_ObjectHideFlags: 0
  m_CorrespondingSourceObject: {fileID: 0}
  m_PrefabInstance: {fileID: 0}
  m_PrefabAsset: {fileID: 0}
  m_GameObject: {fileID: 8827371681142118529}
  m_Enabled: 1
  m_EditorHideFlags: 0
  m_Script: {fileID: 11500000, guid: ef93bb9fe9d240e418a7fb8b476f3d34, type: 3}
  m_Name: 
  m_EditorClassIdentifier: 
  m_ConstrainRotation: 1
  m_SolveFromDefaultPose: 1
  m_Weight: 1
  m_Chain:
    m_EffectorTransform: {fileID: 8533151232475316609}
    m_TargetTransform: {fileID: 118749340637243284}
    m_TransformCount: 4
    m_Transforms:
    - {fileID: 1310801410086769388}
    - {fileID: 6739796103851082978}
    - {fileID: 1491759324882246790}
    - {fileID: 8533151232475316609}
    m_DefaultLocalRotations:
    - {x: 0, y: 0, z: -0.710197, w: 0.70400304}
    - {x: 0, y: 0, z: 0.004380947, w: 0.9999904}
    - {x: 0, y: 0, z: 0.027878461, w: 0.9996113}
    - {x: 0, y: 0, z: 0, w: 1}
    m_StoredLocalRotations:
    - {x: 0, y: 0, z: 0, w: 0}
    - {x: 0, y: 0, z: 0, w: 0}
    - {x: 0, y: 0, z: 0, w: 0}
    - {x: 0, y: 0, z: 0, w: 0}
  m_Iterations: 10
  m_Tolerance: 0.01
  m_Velocity: 0.5
--- !u!114 &909605440002091975
MonoBehaviour:
  m_ObjectHideFlags: 0
  m_CorrespondingSourceObject: {fileID: 0}
  m_PrefabInstance: {fileID: 0}
  m_PrefabAsset: {fileID: 0}
  m_GameObject: {fileID: 8947381407433644129}
  m_Enabled: 1
  m_EditorHideFlags: 0
  m_Script: {fileID: 11500000, guid: ed8b1ae4e4e52b34ea557c1c11e076fc, type: 3}
  m_Name: 
  m_EditorClassIdentifier: 
  m_CategoryHash: 2.6698418e-35
  m_labelHash: 8.1455314e+27
--- !u!1001 &1091477552598023558
PrefabInstance:
  m_ObjectHideFlags: 0
  serializedVersion: 2
  m_Modification:
    m_TransformParent: {fileID: 1108074169946677330}
    m_Modifications:
    - target: {fileID: -7584959783970731561, guid: 8e5e235b8988f694ea9db6fc09231425, type: 3}
      propertyPath: m_LocalPosition.x
      value: 0.3529001
      objectReference: {fileID: 0}
    - target: {fileID: -7584959783970731561, guid: 8e5e235b8988f694ea9db6fc09231425, type: 3}
      propertyPath: m_LocalRotation.w
      value: 0.9896341
      objectReference: {fileID: 0}
    - target: {fileID: -7584959783970731561, guid: 8e5e235b8988f694ea9db6fc09231425, type: 3}
      propertyPath: m_LocalRotation.z
      value: -0.14361213
      objectReference: {fileID: 0}
    - target: {fileID: -7584959783970731561, guid: 8e5e235b8988f694ea9db6fc09231425, type: 3}
      propertyPath: m_LocalEulerAnglesHint.z
      value: 0
      objectReference: {fileID: 0}
    - target: {fileID: -7277701755320200712, guid: 8e5e235b8988f694ea9db6fc09231425, type: 3}
      propertyPath: m_Bounds.m_Center.x
      value: -0.010581017
      objectReference: {fileID: 0}
    - target: {fileID: -7277701755320200712, guid: 8e5e235b8988f694ea9db6fc09231425, type: 3}
      propertyPath: m_Bounds.m_Center.y
      value: -0.18816888
      objectReference: {fileID: 0}
    - target: {fileID: -7277701755320200712, guid: 8e5e235b8988f694ea9db6fc09231425, type: 3}
      propertyPath: m_Bounds.m_Extent.x
      value: 1.1114182
      objectReference: {fileID: 0}
    - target: {fileID: -7277701755320200712, guid: 8e5e235b8988f694ea9db6fc09231425, type: 3}
      propertyPath: m_Bounds.m_Extent.y
      value: 0.99138176
      objectReference: {fileID: 0}
    - target: {fileID: -7235456943029919488, guid: 8e5e235b8988f694ea9db6fc09231425, type: 3}
      propertyPath: m_LocalPosition.x
      value: 0.6282732
      objectReference: {fileID: 0}
    - target: {fileID: -7235456943029919488, guid: 8e5e235b8988f694ea9db6fc09231425, type: 3}
      propertyPath: m_LocalRotation.z
      value: 0.027878461
      objectReference: {fileID: 0}
    - target: {fileID: -7235456943029919488, guid: 8e5e235b8988f694ea9db6fc09231425, type: 3}
      propertyPath: m_LocalEulerAnglesHint.z
      value: 0
      objectReference: {fileID: 0}
    - target: {fileID: -7127698488721707158, guid: 8e5e235b8988f694ea9db6fc09231425, type: 3}
      propertyPath: m_LocalPosition.x
      value: 0.3978066
      objectReference: {fileID: 0}
    - target: {fileID: -7127698488721707158, guid: 8e5e235b8988f694ea9db6fc09231425, type: 3}
      propertyPath: m_LocalPosition.y
      value: 2.037175
      objectReference: {fileID: 0}
    - target: {fileID: -7127698488721707158, guid: 8e5e235b8988f694ea9db6fc09231425, type: 3}
      propertyPath: m_LocalRotation.w
      value: 0.70400304
      objectReference: {fileID: 0}
    - target: {fileID: -7127698488721707158, guid: 8e5e235b8988f694ea9db6fc09231425, type: 3}
      propertyPath: m_LocalRotation.z
      value: -0.710197
      objectReference: {fileID: 0}
    - target: {fileID: -7127698488721707158, guid: 8e5e235b8988f694ea9db6fc09231425, type: 3}
      propertyPath: m_LocalEulerAnglesHint.z
      value: 0
      objectReference: {fileID: 0}
    - target: {fileID: -6896677319092868311, guid: 8e5e235b8988f694ea9db6fc09231425, type: 3}
      propertyPath: m_LocalPosition.y
      value: -0.0000000826512
      objectReference: {fileID: 0}
    - target: {fileID: -6896677319092868311, guid: 8e5e235b8988f694ea9db6fc09231425, type: 3}
      propertyPath: m_LocalEulerAnglesHint.z
      value: 0
      objectReference: {fileID: 0}
    - target: {fileID: -6145257543250158100, guid: 8e5e235b8988f694ea9db6fc09231425, type: 3}
      propertyPath: m_Sprite
      value: 
      objectReference: {fileID: 3705530935881694540, guid: 483b704d66e17b24c8a387397b94d933, type: 3}
    - target: {fileID: -5692710042567026138, guid: 8e5e235b8988f694ea9db6fc09231425, type: 3}
      propertyPath: m_Sprite
      value: 
      objectReference: {fileID: 1748664193862882191, guid: 4f52d9ab48917a741b2e264501e8251d, type: 3}
    - target: {fileID: -5292018661476276260, guid: 8e5e235b8988f694ea9db6fc09231425, type: 3}
      propertyPath: m_LocalScale.x
      value: 1
      objectReference: {fileID: 0}
    - target: {fileID: -5292018661476276260, guid: 8e5e235b8988f694ea9db6fc09231425, type: 3}
      propertyPath: m_LocalPosition.x
      value: 0.01869631
      objectReference: {fileID: 0}
    - target: {fileID: -5292018661476276260, guid: 8e5e235b8988f694ea9db6fc09231425, type: 3}
      propertyPath: m_LocalPosition.y
      value: 2.132057
      objectReference: {fileID: 0}
    - target: {fileID: -5292018661476276260, guid: 8e5e235b8988f694ea9db6fc09231425, type: 3}
      propertyPath: m_LocalRotation.w
      value: 0.7121407
      objectReference: {fileID: 0}
    - target: {fileID: -5292018661476276260, guid: 8e5e235b8988f694ea9db6fc09231425, type: 3}
      propertyPath: m_LocalRotation.x
      value: 0
      objectReference: {fileID: 0}
    - target: {fileID: -5292018661476276260, guid: 8e5e235b8988f694ea9db6fc09231425, type: 3}
      propertyPath: m_LocalRotation.y
      value: 0
      objectReference: {fileID: 0}
    - target: {fileID: -5292018661476276260, guid: 8e5e235b8988f694ea9db6fc09231425, type: 3}
      propertyPath: m_LocalRotation.z
      value: 0.7020368
      objectReference: {fileID: 0}
    - target: {fileID: -5292018661476276260, guid: 8e5e235b8988f694ea9db6fc09231425, type: 3}
      propertyPath: m_LocalEulerAnglesHint.z
      value: 0
      objectReference: {fileID: 0}
    - target: {fileID: -4732868316384162657, guid: 8e5e235b8988f694ea9db6fc09231425, type: 3}
      propertyPath: m_Sprite
      value: 
      objectReference: {fileID: 1748664193862882191, guid: 4f52d9ab48917a741b2e264501e8251d, type: 3}
    - target: {fileID: -4692539368007273934, guid: 8e5e235b8988f694ea9db6fc09231425, type: 3}
      propertyPath: m_LocalPosition.y
      value: 0.0000001851481
      objectReference: {fileID: 0}
    - target: {fileID: -4692539368007273934, guid: 8e5e235b8988f694ea9db6fc09231425, type: 3}
      propertyPath: m_LocalRotation.w
      value: 0.85917383
      objectReference: {fileID: 0}
    - target: {fileID: -4692539368007273934, guid: 8e5e235b8988f694ea9db6fc09231425, type: 3}
      propertyPath: m_LocalRotation.z
      value: -0.5116838
      objectReference: {fileID: 0}
    - target: {fileID: -4692539368007273934, guid: 8e5e235b8988f694ea9db6fc09231425, type: 3}
      propertyPath: m_LocalEulerAnglesHint.z
      value: 0
      objectReference: {fileID: 0}
    - target: {fileID: -4257653495437436948, guid: 8e5e235b8988f694ea9db6fc09231425, type: 3}
      propertyPath: m_Bounds.m_Center.x
      value: -0.014002323
      objectReference: {fileID: 0}
    - target: {fileID: -4257653495437436948, guid: 8e5e235b8988f694ea9db6fc09231425, type: 3}
      propertyPath: m_Bounds.m_Center.y
      value: -0.09609437
      objectReference: {fileID: 0}
    - target: {fileID: -4257653495437436948, guid: 8e5e235b8988f694ea9db6fc09231425, type: 3}
      propertyPath: m_Bounds.m_Extent.x
      value: 1.2177956
      objectReference: {fileID: 0}
    - target: {fileID: -4257653495437436948, guid: 8e5e235b8988f694ea9db6fc09231425, type: 3}
      propertyPath: m_Bounds.m_Extent.y
      value: 0.93500376
      objectReference: {fileID: 0}
    - target: {fileID: -3345401219453796464, guid: 8e5e235b8988f694ea9db6fc09231425, type: 3}
      propertyPath: m_LocalPosition.x
      value: 0.3670301
      objectReference: {fileID: 0}
    - target: {fileID: -3345401219453796464, guid: 8e5e235b8988f694ea9db6fc09231425, type: 3}
      propertyPath: m_LocalRotation.w
      value: 0.8889729
      objectReference: {fileID: 0}
    - target: {fileID: -3345401219453796464, guid: 8e5e235b8988f694ea9db6fc09231425, type: 3}
      propertyPath: m_LocalRotation.z
      value: -0.4579599
      objectReference: {fileID: 0}
    - target: {fileID: -3345401219453796464, guid: 8e5e235b8988f694ea9db6fc09231425, type: 3}
      propertyPath: m_LocalEulerAnglesHint.z
      value: 0
      objectReference: {fileID: 0}
    - target: {fileID: -2921407576306291354, guid: 8e5e235b8988f694ea9db6fc09231425, type: 3}
      propertyPath: m_Bounds.m_Center.x
      value: 0.18553731
      objectReference: {fileID: 0}
    - target: {fileID: -2921407576306291354, guid: 8e5e235b8988f694ea9db6fc09231425, type: 3}
      propertyPath: m_Bounds.m_Center.y
      value: -0.23691332
      objectReference: {fileID: 0}
    - target: {fileID: -2921407576306291354, guid: 8e5e235b8988f694ea9db6fc09231425, type: 3}
      propertyPath: m_Bounds.m_Extent.x
      value: 0.4128039
      objectReference: {fileID: 0}
    - target: {fileID: -2921407576306291354, guid: 8e5e235b8988f694ea9db6fc09231425, type: 3}
      propertyPath: m_Bounds.m_Extent.y
      value: 0.9023979
      objectReference: {fileID: 0}
    - target: {fileID: -1485577951038476929, guid: 8e5e235b8988f694ea9db6fc09231425, type: 3}
      propertyPath: m_Sprite
      value: 
      objectReference: {fileID: 5240109824805532881, guid: 8e5e235b8988f694ea9db6fc09231425, type: 3}
    - target: {fileID: -1170904776015954132, guid: 8e5e235b8988f694ea9db6fc09231425, type: 3}
      propertyPath: m_Name
      value: part1left 1
      objectReference: {fileID: 0}
    - target: {fileID: -1032494876085802718, guid: 8e5e235b8988f694ea9db6fc09231425, type: 3}
      propertyPath: m_LocalPosition.x
      value: 1.845722
      objectReference: {fileID: 0}
    - target: {fileID: -1032494876085802718, guid: 8e5e235b8988f694ea9db6fc09231425, type: 3}
      propertyPath: m_LocalRotation.w
      value: 0.8294135
      objectReference: {fileID: 0}
    - target: {fileID: -1032494876085802718, guid: 8e5e235b8988f694ea9db6fc09231425, type: 3}
      propertyPath: m_LocalRotation.x
      value: 0
      objectReference: {fileID: 0}
    - target: {fileID: -1032494876085802718, guid: 8e5e235b8988f694ea9db6fc09231425, type: 3}
      propertyPath: m_LocalRotation.y
      value: 0
      objectReference: {fileID: 0}
    - target: {fileID: -1032494876085802718, guid: 8e5e235b8988f694ea9db6fc09231425, type: 3}
      propertyPath: m_LocalRotation.z
      value: 0.5586352
      objectReference: {fileID: 0}
    - target: {fileID: -1032494876085802718, guid: 8e5e235b8988f694ea9db6fc09231425, type: 3}
      propertyPath: m_LocalEulerAnglesHint.z
      value: 0
      objectReference: {fileID: 0}
    - target: {fileID: -1013867953047641492, guid: 8e5e235b8988f694ea9db6fc09231425, type: 3}
      propertyPath: m_LocalPosition.x
      value: -0.2890263
      objectReference: {fileID: 0}
    - target: {fileID: -1013867953047641492, guid: 8e5e235b8988f694ea9db6fc09231425, type: 3}
      propertyPath: m_LocalPosition.y
      value: 2.082538
      objectReference: {fileID: 0}
    - target: {fileID: -1013867953047641492, guid: 8e5e235b8988f694ea9db6fc09231425, type: 3}
      propertyPath: m_LocalRotation.w
      value: 0.7051915
      objectReference: {fileID: 0}
    - target: {fileID: -1013867953047641492, guid: 8e5e235b8988f694ea9db6fc09231425, type: 3}
      propertyPath: m_LocalRotation.z
      value: -0.709017
      objectReference: {fileID: 0}
    - target: {fileID: -1013867953047641492, guid: 8e5e235b8988f694ea9db6fc09231425, type: 3}
      propertyPath: m_LocalEulerAnglesHint.z
      value: 0
      objectReference: {fileID: 0}
    - target: {fileID: 433512536686159889, guid: 8e5e235b8988f694ea9db6fc09231425, type: 3}
      propertyPath: m_LocalPosition.x
      value: 0.4069043
      objectReference: {fileID: 0}
    - target: {fileID: 433512536686159889, guid: 8e5e235b8988f694ea9db6fc09231425, type: 3}
      propertyPath: m_LocalPosition.y
      value: -0.0000000553483
      objectReference: {fileID: 0}
    - target: {fileID: 433512536686159889, guid: 8e5e235b8988f694ea9db6fc09231425, type: 3}
      propertyPath: m_LocalRotation.w
      value: 0.9579772
      objectReference: {fileID: 0}
    - target: {fileID: 433512536686159889, guid: 8e5e235b8988f694ea9db6fc09231425, type: 3}
      propertyPath: m_LocalRotation.z
      value: -0.2868446
      objectReference: {fileID: 0}
    - target: {fileID: 433512536686159889, guid: 8e5e235b8988f694ea9db6fc09231425, type: 3}
      propertyPath: m_LocalEulerAnglesHint.z
      value: 0
      objectReference: {fileID: 0}
    - target: {fileID: 1226822135492396085, guid: 8e5e235b8988f694ea9db6fc09231425, type: 3}
      propertyPath: m_LocalPosition.x
      value: 0.5563185
      objectReference: {fileID: 0}
    - target: {fileID: 1226822135492396085, guid: 8e5e235b8988f694ea9db6fc09231425, type: 3}
      propertyPath: m_LocalPosition.y
      value: 0.000001432664
      objectReference: {fileID: 0}
    - target: {fileID: 1226822135492396085, guid: 8e5e235b8988f694ea9db6fc09231425, type: 3}
      propertyPath: m_LocalRotation.w
      value: 0.99987495
      objectReference: {fileID: 0}
    - target: {fileID: 1226822135492396085, guid: 8e5e235b8988f694ea9db6fc09231425, type: 3}
      propertyPath: m_LocalRotation.z
      value: 0.015818734
      objectReference: {fileID: 0}
    - target: {fileID: 1226822135492396085, guid: 8e5e235b8988f694ea9db6fc09231425, type: 3}
      propertyPath: m_LocalEulerAnglesHint.z
      value: 0
      objectReference: {fileID: 0}
    - target: {fileID: 2542337185223592718, guid: 8e5e235b8988f694ea9db6fc09231425, type: 3}
      propertyPath: m_Bounds.m_Center.x
      value: -0.042085707
      objectReference: {fileID: 0}
    - target: {fileID: 2542337185223592718, guid: 8e5e235b8988f694ea9db6fc09231425, type: 3}
      propertyPath: m_Bounds.m_Center.y
      value: 0.06821203
      objectReference: {fileID: 0}
    - target: {fileID: 2542337185223592718, guid: 8e5e235b8988f694ea9db6fc09231425, type: 3}
      propertyPath: m_Bounds.m_Extent.x
      value: 0.5441745
      objectReference: {fileID: 0}
    - target: {fileID: 2542337185223592718, guid: 8e5e235b8988f694ea9db6fc09231425, type: 3}
      propertyPath: m_Bounds.m_Extent.y
      value: 1.0602896
      objectReference: {fileID: 0}
    - target: {fileID: 3136613078992616791, guid: 8e5e235b8988f694ea9db6fc09231425, type: 3}
      propertyPath: m_Sprite
      value: 
      objectReference: {fileID: -5824339394580204460, guid: 4f52d9ab48917a741b2e264501e8251d, type: 3}
    - target: {fileID: 3136613078992616791, guid: 8e5e235b8988f694ea9db6fc09231425, type: 3}
      propertyPath: m_WasSpriteAssigned
      value: 1
      objectReference: {fileID: 0}
    - target: {fileID: 3850499640836649408, guid: 8e5e235b8988f694ea9db6fc09231425, type: 3}
      propertyPath: m_Bounds.m_Center.x
      value: -0.12158358
      objectReference: {fileID: 0}
    - target: {fileID: 3850499640836649408, guid: 8e5e235b8988f694ea9db6fc09231425, type: 3}
      propertyPath: m_Bounds.m_Center.y
      value: -0.14046156
      objectReference: {fileID: 0}
    - target: {fileID: 3850499640836649408, guid: 8e5e235b8988f694ea9db6fc09231425, type: 3}
      propertyPath: m_Bounds.m_Extent.x
      value: 0.3949253
      objectReference: {fileID: 0}
    - target: {fileID: 3850499640836649408, guid: 8e5e235b8988f694ea9db6fc09231425, type: 3}
      propertyPath: m_Bounds.m_Extent.y
      value: 0.8869684
      objectReference: {fileID: 0}
    - target: {fileID: 4479953204965441202, guid: 8e5e235b8988f694ea9db6fc09231425, type: 3}
      propertyPath: m_LocalPosition.y
      value: -0.9246055
      objectReference: {fileID: 0}
    - target: {fileID: 4479953204965441202, guid: 8e5e235b8988f694ea9db6fc09231425, type: 3}
      propertyPath: m_LocalRotation.w
      value: -0.07863322
      objectReference: {fileID: 0}
    - target: {fileID: 4479953204965441202, guid: 8e5e235b8988f694ea9db6fc09231425, type: 3}
      propertyPath: m_LocalRotation.z
      value: -0.99690366
      objectReference: {fileID: 0}
    - target: {fileID: 4479953204965441202, guid: 8e5e235b8988f694ea9db6fc09231425, type: 3}
      propertyPath: m_LocalEulerAnglesHint.z
      value: 0
      objectReference: {fileID: 0}
    - target: {fileID: 5957459482839742820, guid: 8e5e235b8988f694ea9db6fc09231425, type: 3}
      propertyPath: m_LocalPosition.x
      value: 0.5906909
      objectReference: {fileID: 0}
    - target: {fileID: 5957459482839742820, guid: 8e5e235b8988f694ea9db6fc09231425, type: 3}
      propertyPath: m_LocalEulerAnglesHint.z
      value: 0
      objectReference: {fileID: 0}
    - target: {fileID: 6424799178914597542, guid: 8e5e235b8988f694ea9db6fc09231425, type: 3}
      propertyPath: m_LocalPosition.x
      value: 0.3131124
      objectReference: {fileID: 0}
    - target: {fileID: 6424799178914597542, guid: 8e5e235b8988f694ea9db6fc09231425, type: 3}
      propertyPath: m_LocalPosition.y
      value: 0.00000006018126
      objectReference: {fileID: 0}
    - target: {fileID: 6424799178914597542, guid: 8e5e235b8988f694ea9db6fc09231425, type: 3}
      propertyPath: m_LocalRotation.w
      value: -0.92983466
      objectReference: {fileID: 0}
    - target: {fileID: 6424799178914597542, guid: 8e5e235b8988f694ea9db6fc09231425, type: 3}
      propertyPath: m_LocalRotation.z
      value: 0.36797753
      objectReference: {fileID: 0}
    - target: {fileID: 6424799178914597542, guid: 8e5e235b8988f694ea9db6fc09231425, type: 3}
      propertyPath: m_LocalEulerAnglesHint.z
      value: 0
      objectReference: {fileID: 0}
    - target: {fileID: 6517008469734018118, guid: 8e5e235b8988f694ea9db6fc09231425, type: 3}
      propertyPath: m_LocalRotation.w
      value: 0.9974135
      objectReference: {fileID: 0}
    - target: {fileID: 6517008469734018118, guid: 8e5e235b8988f694ea9db6fc09231425, type: 3}
      propertyPath: m_LocalRotation.z
      value: -0.07187751
      objectReference: {fileID: 0}
    - target: {fileID: 6517008469734018118, guid: 8e5e235b8988f694ea9db6fc09231425, type: 3}
      propertyPath: m_LocalEulerAnglesHint.z
      value: 0
      objectReference: {fileID: 0}
    - target: {fileID: 8631301839113791892, guid: 8e5e235b8988f694ea9db6fc09231425, type: 3}
      propertyPath: m_RootOrder
      value: 0
      objectReference: {fileID: 0}
    - target: {fileID: 8631301839113791892, guid: 8e5e235b8988f694ea9db6fc09231425, type: 3}
      propertyPath: m_LocalPosition.x
      value: 0
      objectReference: {fileID: 0}
    - target: {fileID: 8631301839113791892, guid: 8e5e235b8988f694ea9db6fc09231425, type: 3}
      propertyPath: m_LocalPosition.y
      value: 0
      objectReference: {fileID: 0}
    - target: {fileID: 8631301839113791892, guid: 8e5e235b8988f694ea9db6fc09231425, type: 3}
      propertyPath: m_LocalPosition.z
      value: 0
      objectReference: {fileID: 0}
    - target: {fileID: 8631301839113791892, guid: 8e5e235b8988f694ea9db6fc09231425, type: 3}
      propertyPath: m_LocalRotation.w
      value: 1
      objectReference: {fileID: 0}
    - target: {fileID: 8631301839113791892, guid: 8e5e235b8988f694ea9db6fc09231425, type: 3}
      propertyPath: m_LocalRotation.x
      value: 0
      objectReference: {fileID: 0}
    - target: {fileID: 8631301839113791892, guid: 8e5e235b8988f694ea9db6fc09231425, type: 3}
      propertyPath: m_LocalRotation.y
      value: 0
      objectReference: {fileID: 0}
    - target: {fileID: 8631301839113791892, guid: 8e5e235b8988f694ea9db6fc09231425, type: 3}
      propertyPath: m_LocalRotation.z
      value: 0
      objectReference: {fileID: 0}
    - target: {fileID: 8631301839113791892, guid: 8e5e235b8988f694ea9db6fc09231425, type: 3}
      propertyPath: m_LocalEulerAnglesHint.x
      value: 0
      objectReference: {fileID: 0}
    - target: {fileID: 8631301839113791892, guid: 8e5e235b8988f694ea9db6fc09231425, type: 3}
      propertyPath: m_LocalEulerAnglesHint.y
      value: 0
      objectReference: {fileID: 0}
    - target: {fileID: 8631301839113791892, guid: 8e5e235b8988f694ea9db6fc09231425, type: 3}
      propertyPath: m_LocalEulerAnglesHint.z
      value: 0
      objectReference: {fileID: 0}
    - target: {fileID: 8882542999674609572, guid: 8e5e235b8988f694ea9db6fc09231425, type: 3}
      propertyPath: m_Bounds.m_Center.x
      value: -0.023043275
      objectReference: {fileID: 0}
    - target: {fileID: 8882542999674609572, guid: 8e5e235b8988f694ea9db6fc09231425, type: 3}
      propertyPath: m_Bounds.m_Center.y
      value: 0.058942318
      objectReference: {fileID: 0}
    - target: {fileID: 8882542999674609572, guid: 8e5e235b8988f694ea9db6fc09231425, type: 3}
      propertyPath: m_Bounds.m_Extent.x
      value: 0.515
      objectReference: {fileID: 0}
    - target: {fileID: 8882542999674609572, guid: 8e5e235b8988f694ea9db6fc09231425, type: 3}
      propertyPath: m_Bounds.m_Extent.y
      value: 1.0241443
      objectReference: {fileID: 0}
    - target: {fileID: 9076377326120345702, guid: 8e5e235b8988f694ea9db6fc09231425, type: 3}
      propertyPath: m_Sprite
      value: 
      objectReference: {fileID: -772520085449703971, guid: 4f52d9ab48917a741b2e264501e8251d, type: 3}
    - target: {fileID: 9216001669012847020, guid: 8e5e235b8988f694ea9db6fc09231425, type: 3}
      propertyPath: m_LocalPosition.y
      value: 0.5904257
      objectReference: {fileID: 0}
    - target: {fileID: 9216001669012847020, guid: 8e5e235b8988f694ea9db6fc09231425, type: 3}
      propertyPath: m_LocalRotation.w
      value: 0.13652472
      objectReference: {fileID: 0}
    - target: {fileID: 9216001669012847020, guid: 8e5e235b8988f694ea9db6fc09231425, type: 3}
      propertyPath: m_LocalRotation.z
      value: 0.9906367
      objectReference: {fileID: 0}
    - target: {fileID: 9216001669012847020, guid: 8e5e235b8988f694ea9db6fc09231425, type: 3}
      propertyPath: m_LocalEulerAnglesHint.z
      value: 0
      objectReference: {fileID: 0}
    m_RemovedComponents: []
  m_SourcePrefab: {fileID: -7386022304935998994, guid: 8e5e235b8988f694ea9db6fc09231425, type: 3}
--- !u!4 &1491759324882246790 stripped
Transform:
  m_CorrespondingSourceObject: {fileID: -7235456943029919488, guid: 8e5e235b8988f694ea9db6fc09231425, type: 3}
  m_PrefabInstance: {fileID: 1091477552598023558}
  m_PrefabAsset: {fileID: 0}
--- !u!1 &1993477154218611396 stripped
GameObject:
  m_CorrespondingSourceObject: {fileID: -7741698866371334334, guid: 8e5e235b8988f694ea9db6fc09231425, type: 3}
  m_PrefabInstance: {fileID: 1091477552598023558}
  m_PrefabAsset: {fileID: 0}
--- !u!4 &6739796103851082978 stripped
Transform:
  m_CorrespondingSourceObject: {fileID: 5957459482839742820, guid: 8e5e235b8988f694ea9db6fc09231425, type: 3}
  m_PrefabInstance: {fileID: 1091477552598023558}
  m_PrefabAsset: {fileID: 0}
--- !u!1 &995494104249662436 stripped
GameObject:
  m_CorrespondingSourceObject: {fileID: -9010293761210513822, guid: 8e5e235b8988f694ea9db6fc09231425, type: 3}
  m_PrefabInstance: {fileID: 1091477552598023558}
  m_PrefabAsset: {fileID: 0}
--- !u!4 &1310801410086769388 stripped
Transform:
  m_CorrespondingSourceObject: {fileID: -7127698488721707158, guid: 8e5e235b8988f694ea9db6fc09231425, type: 3}
  m_PrefabInstance: {fileID: 1091477552598023558}
  m_PrefabAsset: {fileID: 0}
--- !u!1 &8947381407433644129 stripped
GameObject:
  m_CorrespondingSourceObject: {fileID: 8290791498634405351, guid: 8e5e235b8988f694ea9db6fc09231425, type: 3}
  m_PrefabInstance: {fileID: 1091477552598023558}
  m_PrefabAsset: {fileID: 0}
--- !u!1 &5751655463197702136 stripped
GameObject:
  m_CorrespondingSourceObject: {fileID: 4680446342596627070, guid: 8e5e235b8988f694ea9db6fc09231425, type: 3}
  m_PrefabInstance: {fileID: 1091477552598023558}
  m_PrefabAsset: {fileID: 0}
--- !u!1 &365149230390942048 stripped
GameObject:
  m_CorrespondingSourceObject: {fileID: 735476828203869414, guid: 8e5e235b8988f694ea9db6fc09231425, type: 3}
  m_PrefabInstance: {fileID: 1091477552598023558}
  m_PrefabAsset: {fileID: 0}
--- !u!4 &2171642351267002803 stripped
Transform:
  m_CorrespondingSourceObject: {fileID: 1226822135492396085, guid: 8e5e235b8988f694ea9db6fc09231425, type: 3}
  m_PrefabInstance: {fileID: 1091477552598023558}
  m_PrefabAsset: {fileID: 0}
--- !u!4 &3418128254699247279 stripped
Transform:
  m_CorrespondingSourceObject: {fileID: -6896677319092868311, guid: 8e5e235b8988f694ea9db6fc09231425, type: 3}
  m_PrefabInstance: {fileID: 1091477552598023558}
  m_PrefabAsset: {fileID: 0}
--- !u!4 &9136591410682372074 stripped
Transform:
  m_CorrespondingSourceObject: {fileID: -1013867953047641492, guid: 8e5e235b8988f694ea9db6fc09231425, type: 3}
  m_PrefabInstance: {fileID: 1091477552598023558}
  m_PrefabAsset: {fileID: 0}
--- !u!4 &6148721505101394368 stripped
Transform:
  m_CorrespondingSourceObject: {fileID: 6517008469734018118, guid: 8e5e235b8988f694ea9db6fc09231425, type: 3}
  m_PrefabInstance: {fileID: 1091477552598023558}
  m_PrefabAsset: {fileID: 0}
--- !u!4 &6824935158368879126 stripped
Transform:
  m_CorrespondingSourceObject: {fileID: -3345401219453796464, guid: 8e5e235b8988f694ea9db6fc09231425, type: 3}
  m_PrefabInstance: {fileID: 1091477552598023558}
  m_PrefabAsset: {fileID: 0}
--- !u!4 &3586401611201187764 stripped
Transform:
  m_CorrespondingSourceObject: {fileID: -4692539368007273934, guid: 8e5e235b8988f694ea9db6fc09231425, type: 3}
  m_PrefabInstance: {fileID: 1091477552598023558}
  m_PrefabAsset: {fileID: 0}
--- !u!4 &3534842718460871476 stripped
Transform:
  m_CorrespondingSourceObject: {fileID: 4479953204965441202, guid: 8e5e235b8988f694ea9db6fc09231425, type: 3}
  m_PrefabInstance: {fileID: 1091477552598023558}
  m_PrefabAsset: {fileID: 0}
--- !u!1 &1555531621709333621 stripped
GameObject:
  m_CorrespondingSourceObject: {fileID: -7299228021058848269, guid: 8e5e235b8988f694ea9db6fc09231425, type: 3}
  m_PrefabInstance: {fileID: 1091477552598023558}
  m_PrefabAsset: {fileID: 0}
--- !u!4 &6200557136968677152 stripped
Transform:
  m_CorrespondingSourceObject: {fileID: 6424799178914597542, guid: 8e5e235b8988f694ea9db6fc09231425, type: 3}
  m_PrefabInstance: {fileID: 1091477552598023558}
  m_PrefabAsset: {fileID: 0}
--- !u!4 &657965727804921239 stripped
Transform:
  m_CorrespondingSourceObject: {fileID: 433512536686159889, guid: 8e5e235b8988f694ea9db6fc09231425, type: 3}
  m_PrefabInstance: {fileID: 1091477552598023558}
  m_PrefabAsset: {fileID: 0}
--- !u!4 &1844639999726187601 stripped
Transform:
  m_CorrespondingSourceObject: {fileID: -7584959783970731561, guid: 8e5e235b8988f694ea9db6fc09231425, type: 3}
  m_PrefabInstance: {fileID: 1091477552598023558}
  m_PrefabAsset: {fileID: 0}
--- !u!4 &8124605592749737002 stripped
Transform:
  m_CorrespondingSourceObject: {fileID: 9216001669012847020, guid: 8e5e235b8988f694ea9db6fc09231425, type: 3}
  m_PrefabInstance: {fileID: 1091477552598023558}
  m_PrefabAsset: {fileID: 0}
--- !u!4 &8713689332443468818 stripped
Transform:
  m_CorrespondingSourceObject: {fileID: 8631301839113791892, guid: 8e5e235b8988f694ea9db6fc09231425, type: 3}
  m_PrefabInstance: {fileID: 1091477552598023558}
  m_PrefabAsset: {fileID: 0}
--- !u!1 &6982172899535241898 stripped
GameObject:
  m_CorrespondingSourceObject: {fileID: -1170904776015954132, guid: 8e5e235b8988f694ea9db6fc09231425, type: 3}
  m_PrefabInstance: {fileID: 1091477552598023558}
  m_PrefabAsset: {fileID: 0}
