%YAML 1.1
%TAG !u! tag:unity3d.com,2011:
--- !u!29 &1
OcclusionCullingSettings:
  m_ObjectHideFlags: 0
  serializedVersion: 2
  m_OcclusionBakeSettings:
    smallestOccluder: 5
    smallestHole: 0.25
    backfaceThreshold: 100
  m_SceneGUID: 00000000000000000000000000000000
  m_OcclusionCullingData: {fileID: 0}
--- !u!104 &2
RenderSettings:
  m_ObjectHideFlags: 0
  serializedVersion: 9
  m_Fog: 0
  m_FogColor: {r: 0.5, g: 0.5, b: 0.5, a: 1}
  m_FogMode: 3
  m_FogDensity: 0.01
  m_LinearFogStart: 0
  m_LinearFogEnd: 300
  m_AmbientSkyColor: {r: 0.212, g: 0.227, b: 0.259, a: 1}
  m_AmbientEquatorColor: {r: 0.114, g: 0.125, b: 0.133, a: 1}
  m_AmbientGroundColor: {r: 0.047, g: 0.043, b: 0.035, a: 1}
  m_AmbientIntensity: 1
  m_AmbientMode: 3
  m_SubtractiveShadowColor: {r: 0.42, g: 0.478, b: 0.627, a: 1}
  m_SkyboxMaterial: {fileID: 0}
  m_HaloStrength: 0.5
  m_FlareStrength: 1
  m_FlareFadeSpeed: 3
  m_HaloTexture: {fileID: 0}
  m_SpotCookie: {fileID: 10001, guid: 0000000000000000e000000000000000, type: 0}
  m_DefaultReflectionMode: 0
  m_DefaultReflectionResolution: 128
  m_ReflectionBounces: 1
  m_ReflectionIntensity: 1
  m_CustomReflection: {fileID: 0}
  m_Sun: {fileID: 0}
  m_IndirectSpecularColor: {r: 0, g: 0, b: 0, a: 1}
  m_UseRadianceAmbientProbe: 0
--- !u!157 &3
LightmapSettings:
  m_ObjectHideFlags: 0
  serializedVersion: 12
  m_GIWorkflowMode: 1
  m_GISettings:
    serializedVersion: 2
    m_BounceScale: 1
    m_IndirectOutputScale: 1
    m_AlbedoBoost: 1
    m_EnvironmentLightingMode: 0
    m_EnableBakedLightmaps: 0
    m_EnableRealtimeLightmaps: 0
  m_LightmapEditorSettings:
    serializedVersion: 12
    m_Resolution: 2
    m_BakeResolution: 40
    m_AtlasSize: 1024
    m_AO: 0
    m_AOMaxDistance: 1
    m_CompAOExponent: 1
    m_CompAOExponentDirect: 0
    m_ExtractAmbientOcclusion: 0
    m_Padding: 2
    m_LightmapParameters: {fileID: 0}
    m_LightmapsBakeMode: 1
    m_TextureCompression: 1
    m_FinalGather: 0
    m_FinalGatherFiltering: 1
    m_FinalGatherRayCount: 256
    m_ReflectionCompression: 2
    m_MixedBakeMode: 2
    m_BakeBackend: 1
    m_PVRSampling: 1
    m_PVRDirectSampleCount: 32
    m_PVRSampleCount: 512
    m_PVRBounces: 2
    m_PVREnvironmentSampleCount: 256
    m_PVREnvironmentReferencePointCount: 2048
    m_PVRFilteringMode: 1
    m_PVRDenoiserTypeDirect: 1
    m_PVRDenoiserTypeIndirect: 1
    m_PVRDenoiserTypeAO: 1
    m_PVRFilterTypeDirect: 0
    m_PVRFilterTypeIndirect: 0
    m_PVRFilterTypeAO: 0
    m_PVREnvironmentMIS: 1
    m_PVRCulling: 1
    m_PVRFilteringGaussRadiusDirect: 1
    m_PVRFilteringGaussRadiusIndirect: 5
    m_PVRFilteringGaussRadiusAO: 2
    m_PVRFilteringAtrousPositionSigmaDirect: 0.5
    m_PVRFilteringAtrousPositionSigmaIndirect: 2
    m_PVRFilteringAtrousPositionSigmaAO: 1
    m_ExportTrainingData: 0
    m_TrainingDataDestination: TrainingData
    m_LightProbeSampleCountMultiplier: 4
  m_LightingDataAsset: {fileID: 0}
  m_LightingSettings: {fileID: 0}
--- !u!196 &4
NavMeshSettings:
  serializedVersion: 2
  m_ObjectHideFlags: 0
  m_BuildSettings:
    serializedVersion: 2
    agentTypeID: 0
    agentRadius: 0.5
    agentHeight: 2
    agentSlope: 45
    agentClimb: 0.4
    ledgeDropHeight: 0
    maxJumpAcrossDistance: 0
    minRegionArea: 2
    manualCellSize: 0
    cellSize: 0.16666667
    manualTileSize: 0
    tileSize: 256
    accuratePlacement: 0
    maxJobWorkers: 0
    preserveTilesOutsideBounds: 0
    debug:
      m_Flags: 0
  m_NavMeshData: {fileID: 0}
--- !u!1001 &356298550
PrefabInstance:
  m_ObjectHideFlags: 0
  serializedVersion: 2
  m_Modification:
    m_TransformParent: {fileID: 0}
    m_Modifications:
    - target: {fileID: -157679704751910473, guid: b0a1e3e8ec4c9ed47ae35f1727071376, type: 3}
      propertyPath: m_LocalRotation.w
      value: 0.7930749
      objectReference: {fileID: 0}
    - target: {fileID: -157679704751910473, guid: b0a1e3e8ec4c9ed47ae35f1727071376, type: 3}
      propertyPath: m_LocalRotation.x
      value: -0
      objectReference: {fileID: 0}
    - target: {fileID: -157679704751910473, guid: b0a1e3e8ec4c9ed47ae35f1727071376, type: 3}
      propertyPath: m_LocalRotation.y
      value: -0
      objectReference: {fileID: 0}
    - target: {fileID: -157679704751910473, guid: b0a1e3e8ec4c9ed47ae35f1727071376, type: 3}
      propertyPath: m_LocalRotation.z
      value: -0.6091241
      objectReference: {fileID: 0}
    - target: {fileID: -157679704751910473, guid: b0a1e3e8ec4c9ed47ae35f1727071376, type: 3}
      propertyPath: m_LocalEulerAnglesHint.z
      value: -75.052
      objectReference: {fileID: 0}
    - target: {fileID: 817529763185097504, guid: b0a1e3e8ec4c9ed47ae35f1727071376, type: 3}
      propertyPath: m_RootOrder
      value: 2
      objectReference: {fileID: 0}
    - target: {fileID: 817529763185097504, guid: b0a1e3e8ec4c9ed47ae35f1727071376, type: 3}
      propertyPath: m_LocalPosition.x
      value: -2.5266035
      objectReference: {fileID: 0}
    - target: {fileID: 817529763185097504, guid: b0a1e3e8ec4c9ed47ae35f1727071376, type: 3}
      propertyPath: m_LocalPosition.y
      value: -5.7781887
      objectReference: {fileID: 0}
    - target: {fileID: 817529763185097504, guid: b0a1e3e8ec4c9ed47ae35f1727071376, type: 3}
      propertyPath: m_LocalPosition.z
      value: 0
      objectReference: {fileID: 0}
    - target: {fileID: 817529763185097504, guid: b0a1e3e8ec4c9ed47ae35f1727071376, type: 3}
      propertyPath: m_LocalRotation.w
      value: 1
      objectReference: {fileID: 0}
    - target: {fileID: 817529763185097504, guid: b0a1e3e8ec4c9ed47ae35f1727071376, type: 3}
      propertyPath: m_LocalRotation.x
      value: 0
      objectReference: {fileID: 0}
    - target: {fileID: 817529763185097504, guid: b0a1e3e8ec4c9ed47ae35f1727071376, type: 3}
      propertyPath: m_LocalRotation.y
      value: 0
      objectReference: {fileID: 0}
    - target: {fileID: 817529763185097504, guid: b0a1e3e8ec4c9ed47ae35f1727071376, type: 3}
      propertyPath: m_LocalRotation.z
      value: 0
      objectReference: {fileID: 0}
    - target: {fileID: 817529763185097504, guid: b0a1e3e8ec4c9ed47ae35f1727071376, type: 3}
      propertyPath: m_LocalEulerAnglesHint.x
      value: 0
      objectReference: {fileID: 0}
    - target: {fileID: 817529763185097504, guid: b0a1e3e8ec4c9ed47ae35f1727071376, type: 3}
      propertyPath: m_LocalEulerAnglesHint.y
      value: 0
      objectReference: {fileID: 0}
    - target: {fileID: 817529763185097504, guid: b0a1e3e8ec4c9ed47ae35f1727071376, type: 3}
      propertyPath: m_LocalEulerAnglesHint.z
      value: 0
      objectReference: {fileID: 0}
    - target: {fileID: 4240538025708502548, guid: b0a1e3e8ec4c9ed47ae35f1727071376, type: 3}
      propertyPath: m_Name
      value: rob_cd_hand
      objectReference: {fileID: 0}
    m_RemovedComponents: []
  m_SourcePrefab: {fileID: -3358798346930417188, guid: b0a1e3e8ec4c9ed47ae35f1727071376, type: 3}
--- !u!1001 &515082820
PrefabInstance:
  m_ObjectHideFlags: 0
  serializedVersion: 2
  m_Modification:
    m_TransformParent: {fileID: 0}
    m_Modifications:
    - target: {fileID: -8589220723558072361, guid: 53a58c44264ea594794ed980f0b72f1f, type: 3}
      propertyPath: m_LocalPosition.x
      value: -0.21696186
      objectReference: {fileID: 0}
    - target: {fileID: -8589220723558072361, guid: 53a58c44264ea594794ed980f0b72f1f, type: 3}
      propertyPath: m_LocalPosition.y
      value: 0.8511133
      objectReference: {fileID: 0}
    - target: {fileID: 1895344996880178274, guid: 53a58c44264ea594794ed980f0b72f1f, type: 3}
      propertyPath: m_Name
      value: rob_cd_face
      objectReference: {fileID: 0}
    - target: {fileID: 8245513264078244188, guid: 53a58c44264ea594794ed980f0b72f1f, type: 3}
      propertyPath: m_RootOrder
      value: 1
      objectReference: {fileID: 0}
    - target: {fileID: 8245513264078244188, guid: 53a58c44264ea594794ed980f0b72f1f, type: 3}
      propertyPath: m_LocalPosition.x
      value: -6.59
      objectReference: {fileID: 0}
    - target: {fileID: 8245513264078244188, guid: 53a58c44264ea594794ed980f0b72f1f, type: 3}
      propertyPath: m_LocalPosition.y
      value: -5.01
      objectReference: {fileID: 0}
    - target: {fileID: 8245513264078244188, guid: 53a58c44264ea594794ed980f0b72f1f, type: 3}
      propertyPath: m_LocalPosition.z
      value: 0
      objectReference: {fileID: 0}
    - target: {fileID: 8245513264078244188, guid: 53a58c44264ea594794ed980f0b72f1f, type: 3}
      propertyPath: m_LocalRotation.w
      value: 1
      objectReference: {fileID: 0}
    - target: {fileID: 8245513264078244188, guid: 53a58c44264ea594794ed980f0b72f1f, type: 3}
      propertyPath: m_LocalRotation.x
      value: 0
      objectReference: {fileID: 0}
    - target: {fileID: 8245513264078244188, guid: 53a58c44264ea594794ed980f0b72f1f, type: 3}
      propertyPath: m_LocalRotation.y
      value: 0
      objectReference: {fileID: 0}
    - target: {fileID: 8245513264078244188, guid: 53a58c44264ea594794ed980f0b72f1f, type: 3}
      propertyPath: m_LocalRotation.z
      value: 0
      objectReference: {fileID: 0}
    - target: {fileID: 8245513264078244188, guid: 53a58c44264ea594794ed980f0b72f1f, type: 3}
      propertyPath: m_LocalEulerAnglesHint.x
      value: 0
      objectReference: {fileID: 0}
    - target: {fileID: 8245513264078244188, guid: 53a58c44264ea594794ed980f0b72f1f, type: 3}
      propertyPath: m_LocalEulerAnglesHint.y
      value: 0
      objectReference: {fileID: 0}
    - target: {fileID: 8245513264078244188, guid: 53a58c44264ea594794ed980f0b72f1f, type: 3}
      propertyPath: m_LocalEulerAnglesHint.z
      value: 0
      objectReference: {fileID: 0}
    m_RemovedComponents: []
  m_SourcePrefab: {fileID: 6936091256974033201, guid: 53a58c44264ea594794ed980f0b72f1f, type: 3}
--- !u!1 &574435507
GameObject:
  m_ObjectHideFlags: 0
  m_CorrespondingSourceObject: {fileID: 0}
  m_PrefabInstance: {fileID: 0}
  m_PrefabAsset: {fileID: 0}
  serializedVersion: 6
  m_Component:
  - component: {fileID: 574435508}
  m_Layer: 0
  m_Name: New LimbSolver2D_Target
  m_TagString: Untagged
  m_Icon: {fileID: 0}
  m_NavMeshLayer: 0
  m_StaticEditorFlags: 0
  m_IsActive: 1
--- !u!4 &574435508
Transform:
  m_ObjectHideFlags: 0
  m_CorrespondingSourceObject: {fileID: 0}
  m_PrefabInstance: {fileID: 0}
  m_PrefabAsset: {fileID: 0}
  m_GameObject: {fileID: 574435507}
  m_LocalRotation: {x: -0, y: -0, z: 0.7071112, w: -0.7071024}
  m_LocalPosition: {x: 2.0924249, y: -2.5849519, z: 6.306722}
  m_LocalScale: {x: 1, y: 1, z: 1}
  m_Children: []
  m_Father: {fileID: 949207528}
  m_RootOrder: 0
  m_LocalEulerAnglesHint: {x: 0, y: 0, z: 0}
--- !u!4 &722795232 stripped
Transform:
  m_CorrespondingSourceObject: {fileID: 3835650878595022026, guid: a6cd4e526c28b4f49b73181f8532c543, type: 3}
  m_PrefabInstance: {fileID: 3835650878208394794}
  m_PrefabAsset: {fileID: 0}
--- !u!1 &949207526
GameObject:
  m_ObjectHideFlags: 0
  m_CorrespondingSourceObject: {fileID: 0}
  m_PrefabInstance: {fileID: 0}
  m_PrefabAsset: {fileID: 0}
  serializedVersion: 6
  m_Component:
  - component: {fileID: 949207528}
  - component: {fileID: 949207527}
  m_Layer: 0
  m_Name: IK_L
  m_TagString: Untagged
  m_Icon: {fileID: 0}
  m_NavMeshLayer: 0
  m_StaticEditorFlags: 0
  m_IsActive: 1
--- !u!114 &949207527
MonoBehaviour:
  m_ObjectHideFlags: 0
  m_CorrespondingSourceObject: {fileID: 0}
  m_PrefabInstance: {fileID: 0}
  m_PrefabAsset: {fileID: 0}
  m_GameObject: {fileID: 949207526}
  m_Enabled: 1
  m_EditorHideFlags: 0
  m_Script: {fileID: 11500000, guid: 30ae93fb156fc6d4c828c64571fc3edd, type: 3}
  m_Name: 
  m_EditorClassIdentifier: 
  m_ConstrainRotation: 1
  m_SolveFromDefaultPose: 1
  m_Weight: 1
  m_Chain:
    m_EffectorTransform: {fileID: 722795232}
    m_TargetTransform: {fileID: 574435508}
    m_TransformCount: 3
    m_Transforms:
    - {fileID: 7326225124186239909}
    - {fileID: 6847566274112887762}
    - {fileID: 722795232}
    m_DefaultLocalRotations:
    - {x: 0, y: -0, z: 0.9999965, w: 0.0026518833}
    - {x: 0, y: 0, z: 0.006012506, w: 0.99998194}
    - {x: 0, y: 0, z: 0, w: 1}
    m_StoredLocalRotations:
    - {x: 0, y: 0, z: 0, w: 0}
    - {x: 0, y: 0, z: 0, w: 0}
    - {x: 0, y: 0, z: 0, w: 0}
  m_Flip: 0
--- !u!4 &949207528
Transform:
  m_ObjectHideFlags: 0
  m_CorrespondingSourceObject: {fileID: 0}
  m_PrefabInstance: {fileID: 0}
  m_PrefabAsset: {fileID: 0}
  m_GameObject: {fileID: 949207526}
  m_LocalRotation: {x: -0, y: -0, z: -0, w: 1}
  m_LocalPosition: {x: 0, y: 0, z: 0}
  m_LocalScale: {x: 1, y: 1, z: 1}
  m_Children:
  - {fileID: 574435508}
  m_Father: {fileID: 1324254888}
  m_RootOrder: 1
  m_LocalEulerAnglesHint: {x: 0, y: 0, z: 0}
--- !u!1 &1096543483
GameObject:
  m_ObjectHideFlags: 0
  m_CorrespondingSourceObject: {fileID: 0}
  m_PrefabInstance: {fileID: 0}
  m_PrefabAsset: {fileID: 0}
  serializedVersion: 6
  m_Component:
  - component: {fileID: 1096543487}
  - component: {fileID: 1096543486}
  - component: {fileID: 1096543485}
  - component: {fileID: 1096543484}
  m_Layer: 0
  m_Name: Main Camera
  m_TagString: MainCamera
  m_Icon: {fileID: 0}
  m_NavMeshLayer: 0
  m_StaticEditorFlags: 0
  m_IsActive: 1
--- !u!114 &1096543484
MonoBehaviour:
  m_ObjectHideFlags: 0
  m_CorrespondingSourceObject: {fileID: 0}
  m_PrefabInstance: {fileID: 0}
  m_PrefabAsset: {fileID: 0}
  m_GameObject: {fileID: 1096543483}
  m_Enabled: 1
  m_EditorHideFlags: 0
  m_Script: {fileID: 11500000, guid: a79441f348de89743a2939f4d699eac1, type: 3}
  m_Name: 
  m_EditorClassIdentifier: 
  m_RenderShadows: 1
  m_RequiresDepthTextureOption: 2
  m_RequiresOpaqueTextureOption: 2
  m_CameraType: 0
  m_Cameras: []
  m_RendererIndex: -1
  m_VolumeLayerMask:
    serializedVersion: 2
    m_Bits: 1
  m_VolumeTrigger: {fileID: 0}
  m_RenderPostProcessing: 0
  m_Antialiasing: 0
  m_AntialiasingQuality: 2
  m_StopNaN: 0
  m_Dithering: 0
  m_ClearDepth: 1
  m_AllowXRRendering: 1
  m_RequiresDepthTexture: 0
  m_RequiresColorTexture: 0
  m_Version: 2
--- !u!81 &1096543485
AudioListener:
  m_ObjectHideFlags: 0
  m_CorrespondingSourceObject: {fileID: 0}
  m_PrefabInstance: {fileID: 0}
  m_PrefabAsset: {fileID: 0}
  m_GameObject: {fileID: 1096543483}
  m_Enabled: 1
--- !u!20 &1096543486
Camera:
  m_ObjectHideFlags: 0
  m_CorrespondingSourceObject: {fileID: 0}
  m_PrefabInstance: {fileID: 0}
  m_PrefabAsset: {fileID: 0}
  m_GameObject: {fileID: 1096543483}
  m_Enabled: 1
  serializedVersion: 2
  m_ClearFlags: 1
  m_BackGroundColor: {r: 0.19215687, g: 0.3019608, b: 0.4745098, a: 0}
  m_projectionMatrixMode: 1
  m_GateFitMode: 2
  m_FOVAxisMode: 0
  m_SensorSize: {x: 36, y: 24}
  m_LensShift: {x: 0, y: 0}
  m_FocalLength: 50
  m_NormalizedViewPortRect:
    serializedVersion: 2
    x: 0
    y: 0
    width: 1
    height: 1
  near clip plane: 0.3
  far clip plane: 1000
  field of view: 60
  orthographic: 1
  orthographic size: 5
  m_Depth: -1
  m_CullingMask:
    serializedVersion: 2
    m_Bits: 4294967295
  m_RenderingPath: -1
  m_TargetTexture: {fileID: 0}
  m_TargetDisplay: 0
  m_TargetEye: 3
  m_HDR: 1
  m_AllowMSAA: 1
  m_AllowDynamicResolution: 0
  m_ForceIntoRT: 0
  m_OcclusionCulling: 1
  m_StereoConvergence: 10
  m_StereoSeparation: 0.022
--- !u!4 &1096543487
Transform:
  m_ObjectHideFlags: 0
  m_CorrespondingSourceObject: {fileID: 0}
  m_PrefabInstance: {fileID: 0}
  m_PrefabAsset: {fileID: 0}
  m_GameObject: {fileID: 1096543483}
  m_LocalRotation: {x: 0, y: 0, z: 0, w: 1}
  m_LocalPosition: {x: 0, y: 0, z: -10}
  m_LocalScale: {x: 1, y: 1, z: 1}
  m_Children:
  - {fileID: 1220854708}
  m_Father: {fileID: 0}
  m_RootOrder: 0
  m_LocalEulerAnglesHint: {x: 0, y: 0, z: 0}
--- !u!1 &1220854707
GameObject:
  m_ObjectHideFlags: 0
  m_CorrespondingSourceObject: {fileID: 0}
  m_PrefabInstance: {fileID: 0}
  m_PrefabAsset: {fileID: 0}
  serializedVersion: 6
  m_Component:
  - component: {fileID: 1220854708}
  - component: {fileID: 1220854709}
  m_Layer: 0
  m_Name: Global Light 2D
  m_TagString: Untagged
  m_Icon: {fileID: 0}
  m_NavMeshLayer: 0
  m_StaticEditorFlags: 0
  m_IsActive: 1
--- !u!4 &1220854708
Transform:
  m_ObjectHideFlags: 0
  m_CorrespondingSourceObject: {fileID: 0}
  m_PrefabInstance: {fileID: 0}
  m_PrefabAsset: {fileID: 0}
  m_GameObject: {fileID: 1220854707}
  m_LocalRotation: {x: 0, y: 0, z: 0, w: 1}
  m_LocalPosition: {x: 0, y: 0, z: 0}
  m_LocalScale: {x: 1, y: 1, z: 1}
  m_Children: []
  m_Father: {fileID: 1096543487}
  m_RootOrder: 0
  m_LocalEulerAnglesHint: {x: 0, y: 0, z: 0}
--- !u!114 &1220854709
MonoBehaviour:
  m_ObjectHideFlags: 0
  m_CorrespondingSourceObject: {fileID: 0}
  m_PrefabInstance: {fileID: 0}
  m_PrefabAsset: {fileID: 0}
  m_GameObject: {fileID: 1220854707}
  m_Enabled: 1
  m_EditorHideFlags: 0
  m_Script: {fileID: 11500000, guid: 073797afb82c5a1438f328866b10b3f0, type: 3}
  m_Name: 
  m_EditorClassIdentifier: 
  m_LightType: 4
  m_BlendStyleIndex: 0
  m_FalloffIntensity: 0.5
  m_Color: {r: 1, g: 1, b: 1, a: 1}
  m_Intensity: 1
  m_LightVolumeOpacity: 0
  m_ApplyToSortingLayers: 00000000
  m_LightCookieSprite: {fileID: 0}
  m_UseNormalMap: 0
  m_LightOrder: 0
  m_AlphaBlendOnOverlap: 0
  m_ShadowIntensity: 0
  m_ShadowVolumeIntensity: 0
  m_PointLightInnerAngle: 360
  m_PointLightOuterAngle: 360
  m_PointLightInnerRadius: 0
  m_PointLightOuterRadius: 1
  m_PointLightDistance: 3
  m_PointLightQuality: 1
  m_ShapeLightParametricSides: 5
  m_ShapeLightParametricAngleOffset: 0
  m_ShapeLightParametricRadius: 1
  m_ShapeLightFalloffSize: 0.5
  m_ShapeLightFalloffOffset: {x: 0, y: 0}
  m_ShapePath:
  - {x: -0.5, y: -0.5, z: 0}
  - {x: 0.5, y: -0.5, z: 0}
  - {x: 0.5, y: 0.5, z: 0}
  - {x: -0.5, y: 0.5, z: 0}
--- !u!1 &1324254884
GameObject:
  m_ObjectHideFlags: 0
  m_CorrespondingSourceObject: {fileID: 0}
  m_PrefabInstance: {fileID: 0}
  m_PrefabAsset: {fileID: 0}
  serializedVersion: 6
  m_Component:
  - component: {fileID: 1324254888}
  - component: {fileID: 1324254887}
  - component: {fileID: 1324254886}
  - component: {fileID: 1324254885}
  - component: {fileID: 1324254889}
  m_Layer: 0
  m_Name: Robot
  m_TagString: Untagged
  m_Icon: {fileID: 0}
  m_NavMeshLayer: 0
  m_StaticEditorFlags: 0
  m_IsActive: 1
--- !u!95 &1324254885
Animator:
  serializedVersion: 3
  m_ObjectHideFlags: 0
  m_CorrespondingSourceObject: {fileID: 0}
  m_PrefabInstance: {fileID: 0}
  m_PrefabAsset: {fileID: 0}
  m_GameObject: {fileID: 1324254884}
  m_Enabled: 1
  m_Avatar: {fileID: 0}
  m_Controller: {fileID: 9100000, guid: f3938dcd8a5fe20499d2367fbae55dce, type: 2}
  m_CullingMode: 0
  m_UpdateMode: 0
  m_ApplyRootMotion: 0
  m_LinearVelocityBlending: 0
  m_WarningMessage: 
  m_HasTransformHierarchy: 1
  m_AllowConstantClipSamplingOptimization: 1
  m_KeepAnimatorControllerStateOnDisable: 0
--- !u!114 &1324254886
MonoBehaviour:
  m_ObjectHideFlags: 0
  m_CorrespondingSourceObject: {fileID: 0}
  m_PrefabInstance: {fileID: 0}
  m_PrefabAsset: {fileID: 0}
  m_GameObject: {fileID: 1324254884}
  m_Enabled: 1
  m_EditorHideFlags: 0
  m_Script: {fileID: 11500000, guid: c29cff538c195c249b69c6f2236de67b, type: 3}
  m_Name: 
  m_EditorClassIdentifier: 
  m_SpriteLibraryAsset: {fileID: 0}
--- !u!114 &1324254887
MonoBehaviour:
  m_ObjectHideFlags: 0
  m_CorrespondingSourceObject: {fileID: 0}
  m_PrefabInstance: {fileID: 0}
  m_PrefabAsset: {fileID: 0}
  m_GameObject: {fileID: 1324254884}
  m_Enabled: 1
  m_EditorHideFlags: 0
  m_Script: {fileID: 11500000, guid: 097b551f2844b054290f18a39bf892e9, type: 3}
  m_Name: 
  m_EditorClassIdentifier: 
  m_Solvers:
  - {fileID: 949207527}
  - {fileID: 1483403878}
  m_Weight: 1
  m_SolverEditorData:
  - color: {r: 0, g: 1, b: 0, a: 1}
    showGizmo: 1
  - color: {r: 0, g: 1, b: 0, a: 1}
    showGizmo: 1
--- !u!4 &1324254888
Transform:
  m_ObjectHideFlags: 0
  m_CorrespondingSourceObject: {fileID: 0}
  m_PrefabInstance: {fileID: 0}
  m_PrefabAsset: {fileID: 0}
  m_GameObject: {fileID: 1324254884}
  m_LocalRotation: {x: 0, y: 0, z: 0, w: 1}
  m_LocalPosition: {x: 0.25124758, y: -2.4500217, z: -6.306722}
  m_LocalScale: {x: 1, y: 1, z: 1}
  m_Children:
  - {fileID: 1866985176462999599}
  - {fileID: 949207528}
  - {fileID: 1483403879}
  m_Father: {fileID: 0}
  m_RootOrder: 3
  m_LocalEulerAnglesHint: {x: 0, y: 0, z: 0}
--- !u!111 &1324254889
Animation:
  m_ObjectHideFlags: 0
  m_CorrespondingSourceObject: {fileID: 0}
  m_PrefabInstance: {fileID: 0}
  m_PrefabAsset: {fileID: 0}
  m_GameObject: {fileID: 1324254884}
  m_Enabled: 1
  serializedVersion: 3
  m_Animation: {fileID: 7400000, guid: e739d65fc95273a4391b75fe37267d9b, type: 2}
  m_Animations: []
  m_WrapMode: 0
  m_PlayAutomatically: 1
  m_AnimatePhysics: 0
  m_CullingType: 0
--- !u!1 &1483403877
GameObject:
  m_ObjectHideFlags: 0
  m_CorrespondingSourceObject: {fileID: 0}
  m_PrefabInstance: {fileID: 0}
  m_PrefabAsset: {fileID: 0}
  serializedVersion: 6
  m_Component:
  - component: {fileID: 1483403879}
  - component: {fileID: 1483403878}
  m_Layer: 0
  m_Name: IK_R
  m_TagString: Untagged
  m_Icon: {fileID: 0}
  m_NavMeshLayer: 0
  m_StaticEditorFlags: 0
  m_IsActive: 1
--- !u!114 &1483403878
MonoBehaviour:
  m_ObjectHideFlags: 0
  m_CorrespondingSourceObject: {fileID: 0}
  m_PrefabInstance: {fileID: 0}
  m_PrefabAsset: {fileID: 0}
  m_GameObject: {fileID: 1483403877}
  m_Enabled: 1
  m_EditorHideFlags: 0
  m_Script: {fileID: 11500000, guid: 30ae93fb156fc6d4c828c64571fc3edd, type: 3}
  m_Name: 
  m_EditorClassIdentifier: 
  m_ConstrainRotation: 1
  m_SolveFromDefaultPose: 1
  m_Weight: 1
  m_Chain:
    m_EffectorTransform: {fileID: 1763260651}
    m_TargetTransform: {fileID: 1897197949}
    m_TransformCount: 3
    m_Transforms:
    - {fileID: 6768202325656930532}
    - {fileID: 4211213500282666999}
    - {fileID: 1763260651}
    m_DefaultLocalRotations:
    - {x: 0, y: -0, z: -0.99999434, w: 0.003365109}
    - {x: 0, y: 0, z: 0, w: 1}
    - {x: 0, y: 0, z: 0, w: 1}
    m_StoredLocalRotations:
    - {x: 0, y: 0, z: 0, w: 0}
    - {x: 0, y: 0, z: 0, w: 0}
    - {x: 0, y: 0, z: 0, w: 0}
  m_Flip: 1
--- !u!4 &1483403879
Transform:
  m_ObjectHideFlags: 0
  m_CorrespondingSourceObject: {fileID: 0}
  m_PrefabInstance: {fileID: 0}
  m_PrefabAsset: {fileID: 0}
  m_GameObject: {fileID: 1483403877}
  m_LocalRotation: {x: -0, y: -0, z: -0, w: 1}
  m_LocalPosition: {x: 0, y: 0, z: 0}
  m_LocalScale: {x: 1, y: 1, z: 1}
  m_Children:
  - {fileID: 1897197949}
  m_Father: {fileID: 1324254888}
  m_RootOrder: 2
  m_LocalEulerAnglesHint: {x: 0, y: 0, z: 0}
--- !u!4 &1763260651 stripped
Transform:
  m_CorrespondingSourceObject: {fileID: 3835650877555736257, guid: a6cd4e526c28b4f49b73181f8532c543, type: 3}
  m_PrefabInstance: {fileID: 3835650878208394794}
  m_PrefabAsset: {fileID: 0}
--- !u!1 &1897197948
GameObject:
  m_ObjectHideFlags: 0
  m_CorrespondingSourceObject: {fileID: 0}
  m_PrefabInstance: {fileID: 0}
  m_PrefabAsset: {fileID: 0}
  serializedVersion: 6
  m_Component:
  - component: {fileID: 1897197949}
  m_Layer: 0
  m_Name: IK_R_Target
  m_TagString: Untagged
  m_Icon: {fileID: 0}
  m_NavMeshLayer: 0
  m_StaticEditorFlags: 0
  m_IsActive: 1
--- !u!4 &1897197949
Transform:
  m_ObjectHideFlags: 0
  m_CorrespondingSourceObject: {fileID: 0}
  m_PrefabInstance: {fileID: 0}
  m_PrefabAsset: {fileID: 0}
  m_GameObject: {fileID: 1897197948}
  m_LocalRotation: {x: -0, y: -0, z: -0.7071081, w: 0.7071055}
  m_LocalPosition: {x: 1.1301985, y: -2.5780149, z: 6.306722}
  m_LocalScale: {x: 1, y: 1, z: 1}
  m_Children: []
  m_Father: {fileID: 1483403879}
  m_RootOrder: 0
  m_LocalEulerAnglesHint: {x: 0, y: 0, z: 0}
--- !u!4 &1866985176462999599 stripped
Transform:
  m_CorrespondingSourceObject: {fileID: 3229684593128474117, guid: a6cd4e526c28b4f49b73181f8532c543, type: 3}
  m_PrefabInstance: {fileID: 3835650878208394794}
  m_PrefabAsset: {fileID: 0}
--- !u!1001 &3835650878208394794
PrefabInstance:
  m_ObjectHideFlags: 0
  serializedVersion: 2
  m_Modification:
    m_TransformParent: {fileID: 1324254888}
    m_Modifications:
    - target: {fileID: 3229684593128474117, guid: a6cd4e526c28b4f49b73181f8532c543, type: 3}
      propertyPath: m_RootOrder
      value: 0
      objectReference: {fileID: 0}
    - target: {fileID: 3229684593128474117, guid: a6cd4e526c28b4f49b73181f8532c543, type: 3}
      propertyPath: m_LocalPosition.x
      value: 1.5508823
      objectReference: {fileID: 0}
    - target: {fileID: 3229684593128474117, guid: a6cd4e526c28b4f49b73181f8532c543, type: 3}
      propertyPath: m_LocalPosition.y
      value: -3.3114834
      objectReference: {fileID: 0}
    - target: {fileID: 3229684593128474117, guid: a6cd4e526c28b4f49b73181f8532c543, type: 3}
      propertyPath: m_LocalPosition.z
      value: 6.306722
      objectReference: {fileID: 0}
    - target: {fileID: 3229684593128474117, guid: a6cd4e526c28b4f49b73181f8532c543, type: 3}
      propertyPath: m_LocalRotation.w
      value: 1
      objectReference: {fileID: 0}
    - target: {fileID: 3229684593128474117, guid: a6cd4e526c28b4f49b73181f8532c543, type: 3}
      propertyPath: m_LocalRotation.x
      value: -0
      objectReference: {fileID: 0}
    - target: {fileID: 3229684593128474117, guid: a6cd4e526c28b4f49b73181f8532c543, type: 3}
      propertyPath: m_LocalRotation.y
      value: -0
      objectReference: {fileID: 0}
    - target: {fileID: 3229684593128474117, guid: a6cd4e526c28b4f49b73181f8532c543, type: 3}
      propertyPath: m_LocalRotation.z
      value: -0
      objectReference: {fileID: 0}
    - target: {fileID: 3229684593128474117, guid: a6cd4e526c28b4f49b73181f8532c543, type: 3}
      propertyPath: m_LocalEulerAnglesHint.x
      value: 0
      objectReference: {fileID: 0}
    - target: {fileID: 3229684593128474117, guid: a6cd4e526c28b4f49b73181f8532c543, type: 3}
      propertyPath: m_LocalEulerAnglesHint.y
      value: 0
      objectReference: {fileID: 0}
    - target: {fileID: 3229684593128474117, guid: a6cd4e526c28b4f49b73181f8532c543, type: 3}
      propertyPath: m_LocalEulerAnglesHint.z
      value: 0
      objectReference: {fileID: 0}
    - target: {fileID: 8355549613142892116, guid: a6cd4e526c28b4f49b73181f8532c543, type: 3}
      propertyPath: m_Name
      value: "\u6B631psb 1"
      objectReference: {fileID: 0}
    m_RemovedComponents: []
  m_SourcePrefab: {fileID: 100100000, guid: a6cd4e526c28b4f49b73181f8532c543, type: 3}
--- !u!4 &4211213500282666999 stripped
Transform:
  m_CorrespondingSourceObject: {fileID: 1102190566846478813, guid: a6cd4e526c28b4f49b73181f8532c543, type: 3}
  m_PrefabInstance: {fileID: 3835650878208394794}
  m_PrefabAsset: {fileID: 0}
--- !u!4 &6768202325656930532 stripped
Transform:
  m_CorrespondingSourceObject: {fileID: 7554652040082214606, guid: a6cd4e526c28b4f49b73181f8532c543, type: 3}
  m_PrefabInstance: {fileID: 3835650878208394794}
  m_PrefabAsset: {fileID: 0}
--- !u!4 &6847566274112887762 stripped
Transform:
  m_CorrespondingSourceObject: {fileID: 7655425685799263736, guid: a6cd4e526c28b4f49b73181f8532c543, type: 3}
  m_PrefabInstance: {fileID: 3835650878208394794}
  m_PrefabAsset: {fileID: 0}
--- !u!4 &7326225124186239909 stripped
Transform:
  m_CorrespondingSourceObject: {fileID: 5805424461157987727, guid: a6cd4e526c28b4f49b73181f8532c543, type: 3}
  m_PrefabInstance: {fileID: 3835650878208394794}
  m_PrefabAsset: {fileID: 0}
